<record xmlns="http://www.loc.gov/MARC21/slim">
   <leader>01410cam a2200361 i 4500</leader>
   <controlfield tag="001">6804947</controlfield>
   <controlfield tag="003">OCoLC</controlfield>
   <controlfield tag="005">20150226090712.0</controlfield>
   <controlfield tag="008">140522s2015    nyua   a      000 1 eng  </controlfield>
   <datafield ind1=" " ind2=" " tag="010">
      <subfield code="a">  2014015656</subfield>
   </datafield>
   <datafield ind1=" " ind2=" " tag="020">
      <subfield code="a">9780670015498</subfield>
      <subfield code="q">hbk.</subfield>
   </datafield>
   <datafield ind1=" " ind2=" " tag="020">
      <subfield code="a">0670015490</subfield>
      <subfield code="q">hbk.</subfield>
   </datafield>
   <datafield ind1=" " ind2=" " tag="035">
      <subfield code="a">ocn880520954</subfield>
   </datafield>
   <datafield ind1=" " ind2=" " tag="039">
      <subfield code="a">exclude</subfield>
   </datafield>
   <datafield ind1=" " ind2=" " tag="040">
      <subfield code="a">DLC</subfield>
      <subfield code="e">rda</subfield>
      <subfield code="b">eng</subfield>
      <subfield code="c">DLC</subfield>
      <subfield code="d">IG#</subfield>
      <subfield code="d">IK2</subfield>
      <subfield code="d">AEU</subfield>
   </datafield>
   <datafield ind1="0" ind2="0" tag="050">
      <subfield code="a">PZ7.M29733</subfield>
      <subfield code="b">Re 2015</subfield>
   </datafield>
   <datafield ind1="0" ind2="0" tag="082">
      <subfield code="a">[E]</subfield>
      <subfield code="2">23</subfield>
   </datafield>
   <datafield ind1=" " ind2=" " tag="090">
      <subfield code="a">PZ7 .M2783 R43 2015</subfield>
      <subfield code="b">AEGMCT</subfield>
   </datafield>
   <datafield ind1="1" ind2=" " tag="100">
      <subfield code="a">Maloney, Brenna,</subfield>
      <subfield code="e">author,</subfield>
      <subfield code="e">illustrator.</subfield>
   </datafield>
   <datafield ind1="1" ind2="0" tag="245">
      <subfield code="a">Ready Rabbit gets ready! /</subfield>
      <subfield code="c">Brenna Maloney ; photographs by Chuck Kennedy.</subfield>
   </datafield>
   <datafield ind1=" " ind2="1" tag="264">
      <subfield code="a">New York, New York :</subfield>
      <subfield code="b">Viking, an imprint of Penguin Group (USA),</subfield>
      <subfield code="c">2015.</subfield>
   </datafield>
   <datafield ind1=" " ind2=" " tag="300">
      <subfield code="a">1 volume (unpaged) :</subfield>
      <subfield code="b">color illustrations ;</subfield>
      <subfield code="c">24 x 27 cm</subfield>
   </datafield>
   <datafield ind1=" " ind2=" " tag="336">
      <subfield code="a">text</subfield>
      <subfield code="2">rdacontent</subfield>
   </datafield>
   <datafield ind1=" " ind2=" " tag="336">
      <subfield code="a">still image</subfield>
      <subfield code="2">rdacontent</subfield>
   </datafield>
   <datafield ind1=" " ind2=" " tag="337">
      <subfield code="a">unmediated</subfield>
      <subfield code="2">rdamedia</subfield>
   </datafield>
   <datafield ind1=" " ind2=" " tag="338">
      <subfield code="a">volume</subfield>
      <subfield code="2">rdacarrier</subfield>
   </datafield>
   <datafield ind1=" " ind2=" " tag="520">
      <subfield code="a">Ready Rabbit tries to get ready for school, but he would rather build spaceships and ride his imaginary motorcycle instead.</subfield>
   </datafield>
   <datafield ind1=" " ind2=" " tag="596">
      <subfield code="a">29</subfield>
   </datafield>
   <datafield ind1=" " ind2="0" tag="650">
      <subfield code="a">Imagination</subfield>
      <subfield code="v">Juvenile fiction.</subfield>
   </datafield>
   <datafield ind1=" " ind2="0" tag="650">
      <subfield code="a">Rabbits</subfield>
      <subfield code="v">Juvenile fiction.</subfield>
   </datafield>
   <datafield ind1="1" ind2=" " tag="700">
      <subfield code="a">Kennedy, Chuck,</subfield>
      <subfield code="e">photographer.</subfield>
   </datafield>
   <datafield ind1=" " ind2=" " tag="949">
      <subfield code="a">PZ7 .M29733 R43 2015</subfield>
      <subfield code="h">GMCT-JU-B</subfield>
      <subfield code="i">1007401951</subfield>
      <subfield code="p">20.73</subfield>
      <subfield code="k">AVAIL_SOON</subfield>
   </datafield>
   <datafield ind1=" " ind2=" " tag="926">
      <subfield code="a">PZ7 .M2783 R43 2015</subfield>
      <subfield code="w">LC</subfield>
      <subfield code="c">1</subfield>
      <subfield code="i">1007401951</subfield>
      <subfield code="d">4/21/2016</subfield>
      <subfield code="e">4/17/2016</subfield>
      <subfield code="l">JUVENILE</subfield>
      <subfield code="m">GR_MACEWAN</subfield>
      <subfield code="n">3</subfield>
      <subfield code="p">$20.73</subfield>
      <subfield code="r">Y</subfield>
      <subfield code="s">Y</subfield>
      <subfield code="t">BOOK</subfield>
      <subfield code="u">3/3/2015</subfield>
   </datafield>
</record>
